%% This BibTeX bibliography file was created using BibDesk.
%% http://bibdesk.sourceforge.net/


%% Created for Galyardt at 2014-08-21 22:49:39 -0400 


%% Saved with string encoding Unicode (UTF-8) 

@PHDTHESIS{Conde2011-se,
   title    = "Environmental Sensor Anomaly Detection Using Learning Machines",
   author   = "Conde, Erick F",
   year     =  2011,
   school   = "Utah State University"
 }
 
 
@inproceedings{christensen2003continuous,
  title={Continuous real-time water-quality monitoring of Kansas streams},
  author={Christensen, Victoria G and Ziegler, Andrew C and Rasmussen, Patrick P and Jian, Xiaodong},
  booktitle={Proceedings of 2003 Spring Specialty Conference on Agricultural Hydrology and Water Quality},
  year={2003}
}

@article{kotamaki2009wireless,
  title={Wireless in-situ sensor network for agriculture and water monitoring on a river basin scale in southern Finland: Evaluation from a data user’s perspective},
  author={Kotam{\"a}ki, Niina and Thessler, Sirpa and Koskiaho, Jari and Hannukkala, Asko O and Huitu, Hanna and Huttula, Timo and Havento, Jukka and J{\"a}rvenp{\"a}{\"a}, Markku},
  journal={Sensors},
  volume={9},
  number={4},
  pages={2862--2883},
  year={2009},
  publisher={Molecular Diversity Preservation International}
}

@article{keith1983principles,
  title={Principles of environmental analysis},
  author={Keith, Lawrence H and Crummett, Warren and Deegan, John and Libby, Robert A and Taylor, John K and Wentler, George},
  journal={Analytical chemistry},
  volume={55},
  number={14},
  pages={2210--2218},
  year={1983},
  publisher={ACS Publications}
}

@article{moatar1999ph,
  title={pH modelling by neural networks. Application of control and validation data series in the Middle Loire river},
  author={Moatar, Florentina and Fessant, Fran{\c{c}}oise and Poirel, Alain},
  journal={Ecological Modelling},
  volume={120},
  number={2-3},
  pages={141--156},
  year={1999},
  publisher={Elsevier}
}

@article{moatar2001quality,
  title={A quality-control method for physical and chemical monitoring data. Application to dissolved oxygen levels in the river Loire (France)},
  author={Moatar, F and Miquel, J and Poirel, A},
  journal={Journal of Hydrology},
  volume={252},
  number={1-4},
  pages={25--36},
  year={2001},
  publisher={Elsevier}
}

@inproceedings{hill2006automated,
  title={Automated fault detection for in-situ environmental sensors},
  author={Hill, David J and Minsker, Barbara S},
  booktitle={Proceedings of the 7th International Conference on Hydroinformatics},
  year={2006}
}


@article{hill2009real,
  title={Real-time Bayesian anomaly detection in streaming environmental data},
  author={Hill, David J and Minsker, Barbara S and Amir, Eyal},
  journal={Water Resources Research},
  volume={45},
  number={4},
  year={2009},
  publisher={Wiley Online Library}
}

@article{panguluri2009distribution,
  title={Distribution system water quality monitoring: Sensor technology evaluation methodology and results},
  author={Panguluri, S and Meiners, G and Hall, J and Szabo, JG},
  journal={US Environ. Protection Agency, Washington, DC, USA, Tech. Rep. EPA/600/R-09/076},
  volume={2772},
  year={2009}
}

@article{archer2003fault,
  title={Fault detection for salinity sensors in the Columbia estuary},
  author={Archer, Cynthia and Baptista, Antonio and Leen, Todd K},
  journal={Water Resources Research},
  volume={39},
  number={3},
  year={2003},
  publisher={Wiley Online Library}
}

@article{clifton2011novelty,
	title={Novelty detection with multivariate extreme value statistics},
	author={Clifton, D. A. and Hugueny, Samuel and Tarassenko, Lionel},
	journal={Journal of signal processing systems},
	volume={65},
	number={3},
	pages={371--389},
	year={2011},
	publisher={Springer}
}


@phdthesis{hugueny2013novelty,
	title={Novelty detection with extreme value theory in vital-sign monitoring},
	author={Hugueny, Samuel},
	year={2013},
	school={University of Oxford}
}

@article{wilkinsonvisualizing,
  title={Visualizing Big Data Outliers through Distributed Aggregation},
  author={Wilkinson, Leland},
  journal={IEEE transactions on visualization and computer graphics},
  volume={24},
  number={1},
  pages={256--266},
  year={2018},
  publisher={IEEE}
}

@book{schwarz2008wind,
	title={Wind dispersion of carbon dioxide leaking from underground sequestration, and outlier detection in eddy covariance data using extreme value theory},
	author={Schwarz, Katherine Tracy},
	year={2008},
	publisher={ProQuest}
}


@article{chandola2009anomaly,
	title={Anomaly detection: A survey},
	author={Chandola, Varun and Banerjee, Arindam and Kumar, Vipin},
	journal={ACM computing surveys (CSUR)},
	volume={41},
	number={3},
	pages={15},
	year={2009},
	publisher={ACM}
}


@book{gama2010knowledge,
	title={Knowledge discovery from data streams},
	author={Gama, Joao},
	year={2010},
	publisher={CRC Press}
}

@article{faria2016novelty,
	title={Novelty detection in data streams},
	author={Faria, Elaine R and Gon{\c{c}}alves, Isabel JCR and de Carvalho, Andr{\'e} CPLF and Gama, Jo{\~a}o},
	journal={Artificial Intelligence Review},
	volume={45},
	number={2},
	pages={235--269},
	year={2016},
	publisher={Springer}
}


@inproceedings{lavin2015evaluating,
	title={Evaluating Real-Time Anomaly Detection Algorithms--The Numenta Anomaly Benchmark},
	author={Lavin, Alexander and Ahmad, Subutai},
	booktitle={Machine Learning and Applications (ICMLA), 2015 IEEE 14th International Conference on},
	pages={38--44},
	year={2015},
	organization={IEEE}
}

@article{grubbs1969procedures,
	title={Procedures for detecting outlying observations in samples},
	author={Grubbs, Frank E},
	journal={Technometrics},
	volume={11},
	number={1},
	pages={1--21},
	year={1969},
	publisher={Taylor \& Francis}
}

@article{burridge2006additive,
	title={Additive Outlier Detection Via Extreme-Value Theory},
	author={Burridge, Peter and Taylor, A. M. Robert},
	journal={Journal of Time Series Analysis},
	volume={27},
	number={5},
	pages={685--701},
	year={2006},
	publisher={Wiley Online Library}
}

@article{hugueny2008extreme,
	title={Extreme Value Theory for Novelty Detection in Vital Sign Monitoring},
	author={Hugueny, Samuel and Tarassenko, Lionel and Clifton, D. A.},
	year={2008}
}

@inproceedings{hyndman2015large,
  title={Large-scale unusual time series detection},
  author={Hyndman, R. J. and Wang, Earo and Laptev, Nikolay},
  booktitle={Data Mining Workshop (ICDMW), 2015 IEEE International Conference on},
  pages={1616--1619},
  year={2015},
  organization={IEEE}
}

@article{kumar2016adaptive,
	title={Adaptive cluster tendency visualization and anomaly detection for streaming data},
	author={Kumar, Dheeraj and Bezdek, James C and Rajasegarar, Sutharshan and Palaniswami, Marimuthu and Leckie, Christopher and Chan, Jeffrey and Gubbi, Jayavardhana},
	journal={ACM Transactions on Knowledge Discovery from Data (TKDD)},
	volume={11},
	number={2},
	pages={24},
	year={2016},
	publisher={ACM}
}

@article{goldstein2016comparative,
  title={A comparative evaluation of unsupervised anomaly detection algorithms for multivariate data},
  author={Goldstein, Markus and Uchida, Seiichi},
  journal={PloS one},
  volume={11},
  number={4},
  pages={e0152173},
  year={2016},
  publisher={Public Library of Science}
}

@article{hyndman1996computing,
	title={Computing and graphing highest density regions},
	author={Hyndman, R. J.},
	journal={The American Statistician},
	volume={50},
	number={2},
	pages={120--126},
	year={1996},
	publisher={Taylor \& Francis}
}


@techreport{talagala2018anomaly,
  title={Anomaly detection in streaming nonstationary temporal data},
  author={Talagala, Priyanga and Hyndman, Rob and Smith-Miles, Kate and Kandanaarachchi, Sevvandi and Munoz, Mario},
  year={2018},
  institution={Monash University, Department of Econometrics and Business Statistics}
}

@Manual{madsen2018ddoutlier,
    title = {DDoutlier: Distance and Density-Based Outlier Detection},
    author = {Jacob H. Madsen},
    year = {2018},
    note = {R package version 0.1.0},
    url = {https://CRAN.R-project.org/package=DDoutlier},
}


@article{gupta2014outlier,
  title={Outlier detection for temporal data: A survey},
  author={Gupta, Manish and Gao, Jing and Aggarwal, CC and Han, Jiawei},
  journal={IEEE Transactions on Knowledge and Data Engineering},
  volume={26},
  number={9},
  pages={2250--2267},
  year={2014},
  publisher={IEEE}
}

@article{guttler2013turbidity,
  title={Turbidity retrieval and monitoring of Danube Delta waters using multi-sensor optical remote sensing data: An integrated view from the delta plain lakes to the western--northwestern Black Sea coastal zone},
  author={G{\"u}ttler, Fabio N and Niculescu, Simona and Gohin, Francis},
  journal={Remote Sensing of Environment},
  volume={132},
  pages={86--101},
  year={2013},
  publisher={Elsevier}
}

@article{tutmez2006modelling,
  title={Modelling electrical conductivity of groundwater using an adaptive neuro-fuzzy inference system},
  author={Tutmez, Bulent and Hatipoglu, Zubeyde and Kaymak, Uzay},
  journal={Computers \& geosciences},
  volume={32},
  number={4},
  pages={421--433},
  year={2006},
  publisher={Elsevier}
}


@incollection{rangeti2015validity,
  title={Validity and Errors in Water Quality Data—A Review},
  author={Rangeti, Innocent and Dzwairo, Bloodless and Barratt, Graham J and Otieno, Fredrick AO},
  booktitle={Research and Practices in Water Quality},
  year={2015},
  publisher={InTech}
}


@Manual{Rcoreteam2018,
    title = {R: A Language and Environment for Statistical Computing},
    author = {{R Core Team}},
    organization = {R Foundation for Statistical Computing},
    address = {Vienna, Austria},
    year = {2018},
    url = {https://www.R-project.org/},
}
  
@book{hartigan1975clustering,
  title={Clustering algorithms},
  author={Hartigan, John A},
  year={1975},
  publisher={Wiley}
}

@inproceedings{angiulli2002fast,
  title={Fast outlier detection in high dimensional spaces},
  author={Angiulli, Fabrizio and Pizzuti, Clara},
  booktitle={European Conference on Principles of Data Mining and Knowledge Discovery},
  pages={15--27},
  year={2002},
  organization={Springer}
}

@article{bentley1975multidimensional,
  title={Multidimensional binary search trees used for associative searching},
  author={Bentley, Jon Louis},
  journal={Communications of the ACM},
  volume={18},
  number={9},
  pages={509--517},
  year={1975},
  publisher={ACM}
}

@inproceedings{breunig2000lof,
  title={LOF: identifying density-based local outliers},
  author={Breunig, Markus M and Kriegel, Hans-Peter and Ng, Raymond T and Sander, J{\"o}rg},
  booktitle={ACM sigmod record},
  volume={29},
  number={2},
  pages={93--104},
  year={2000},
  organization={ACM}
}

@inproceedings{tang2002enhancing,
  title={Enhancing effectiveness of outlier detections for low density patterns},
  author={Tang, Jian and Chen, Zhixiang and Fu, Ada Wai-Chee and Cheung, David W},
  booktitle={Pacific-Asia Conference on Knowledge Discovery and Data Mining},
  pages={535--548},
  year={2002},
  organization={Springer}
}

@article{hadi1992identifying,
  title={Identifying multiple outliers in multivariate data},
  author={Hadi, Ali S},
  journal={Journal of the Royal Statistical Society. Series B (Methodological)},
  pages={761--771},
  year={1992},
  publisher={JSTOR}
}

@inproceedings{jin2006ranking,
  title={Ranking outliers using symmetric neighborhood relationship},
  author={Jin, Wen and Tung, Anthony KH and Han, Jiawei and Wang, Wei},
  booktitle={Pacific-Asia Conference on Knowledge Discovery and Data Mining},
  pages={577--593},
  year={2006},
  organization={Springer}
}

@inproceedings{zhang2009new,
  title={A new local distance-based outlier detection approach for scattered real-world data},
  author={Zhang, Ke and Hutter, Marcus and Jin, Huidong},
  booktitle={Pacific-Asia Conference on Knowledge Discovery and Data Mining},
  pages={813--822},
  year={2009},
  organization={Springer}
}

@inproceedings{gao2011rkof,
  title={RKOF: robust kernel-based local outlier detection},
  author={Gao, Jun and Hu, Weiming and Zhang, Zhongfei Mark and Zhang, Xiaoqin and Wu, Ou},
  booktitle={Pacific-Asia Conference on Knowledge Discovery and Data Mining},
  pages={270--283},
  year={2011},
  organization={Springer}
}


@book{galambos2013extreme,
	title={Extreme Value Theory and Applications: Proceedings of the Conference on Extreme Value Theory and Applications, Volume 1 Gaithersburg Maryland 1993},
	author={Galambos, J. and Lechner, J. and Simiu, E.},
	isbn={9781461336389},
	series={Extreme Value Theory and Applications: Proceedings of the Conference on Extreme Value Theory and Applications, Gaithersburg, Maryland, 1993},
	url={https://books.google.com.au/books?id=XMPkBwAAQBAJ},
	year={2013},
	publisher={Springer US}
}

@inproceedings{fisher1928limiting,
	title={Limiting forms of the frequency distribution of the largest or smallest member of a sample},
	author={Fisher, Ronald Aylmer and Tippett, Leonard Henry Caleb},
	booktitle={Mathematical Proceedings of the Cambridge Philosophical Society},
	volume={24},
	number={02},
	pages={180--190},
	year={1928},
	organization={Cambridge Univ Press}
}


@article{weissman1978estimation,
  title={Estimation of parameters and large quantiles based on the k largest observations},
  author={Weissman, Ishay},
  journal={Journal of the American Statistical Association},
  volume={73},
  number={364},
  pages={812--815},
  year={1978},
  publisher={Taylor \& Francis}
}


@article{glasgow2004real,
  title={Real-time remote monitoring of water quality: a review of current applications, and advancements in sensor, telemetry, and computing technologies},
  author={Glasgow, Howard B and Burkholder, JoAnn M and Reed, Robert E and Lewitus, Alan J and Kleinman, Joseph E},
  journal={Journal of Experimental Marine Biology and Ecology},
  volume={300},
  number={1-2},
  pages={409--448},
  year={2004},
  publisher={Elsevier}
}


@incollection{raciti2012anomaly,
  title={Anomaly detection in water management systems},
  author={Raciti, Massimiliano and Cucurull, Jordi and Nadjm-Tehrani, Simin},
  booktitle={Critical infrastructure protection},
  pages={98--119},
  year={2012},
  publisher={Springer}
}


@Manual{oddwater2018,
  
  title = {oddwater: A package for Outlier Detection in water quality sensor data},
  author={Talagala, Priyanga and  Hyndman, Rob J. },
  year = {2018},
  publisher = {DOI: 10.5281/zenodo.2890469},
  journal = {GitHub repository},
  howpublished = {https://github.com/pridiltal/oddwater}}
}


@article{horsburgh2015open,
  title={Open source software for visualization and quality control of continuous hydrologic and water quality sensor data},
  author={Horsburgh, Jeffery S and Reeder, Stephanie L and Jones, Amber Spackman and Meline, Jacob},
  journal={Environmental Modelling \& Software},
  volume={70},
  pages={32--44},
  year={2015},
  publisher={Elsevier}
}

@article{ba2015water,
  title={Water quality monitoring with online change-point detection methods},
  author={Ba, Amadou and McKenna, Sean A},
  journal={Journal of Hydroinformatics},
  volume={17},
  number={1},
  pages={7--19},
  year={2015},
  publisher={IWA Publishing}
}

@article{thottan2003anomaly,
  title={Anomaly detection in IP networks},
  author={Thottan, Marina and Ji, Chuanyi},
  journal={IEEE Transactions on signal processing},
  volume={51},
  number={8},
  pages={2191--2204},
  year={2003},
  publisher={IEEE}
}

@article{storey2011advances,
  title={Advances in on-line drinking water quality monitoring and early warning systems},
  author={Storey, Michael V and Van der Gaag, Bram and Burns, Brendan P},
  journal={Water research},
  volume={45},
  number={2},
  pages={741--747},
  year={2011},
  publisher={Elsevier}
}

@article{sokolova2009systematic,
  title={A systematic analysis of performance measures for classification tasks},
  author={Sokolova, Marina and Lapalme, Guy},
  journal={Information Processing \& Management},
  volume={45},
  number={4},
  pages={427--437},
  year={2009},
  publisher={Elsevier}
}

@article{hossin2015review,
  title={A review on evaluation metrics for data classification evaluations},
  author={Hossin, M and Sulaiman, MN},
  journal={International Journal of Data Mining \& Knowledge Management Process},
  volume={5},
  number={2},
  pages={1},
  year={2015},
  publisher={Academy \& Industry Research Collaboration Center (AIRCC)}
}

@inproceedings{ranawana2006optimized,
  title={Optimized Precision-A new measure for classifier performance evaluation},
  author={Ranawana, Romesh and Palade, Vasile},
  booktitle={Evolutionary Computation, 2006. CEC 2006. IEEE Congress on},
  pages={2254--2261},
  year={2006},
  organization={IEEE}
}

@Manual{Rsoftware,
    title = {R: A Language and Environment for Statistical Computing},
    author = {{R Core Team}},
    organization = {R Foundation for Statistical Computing},
    address = {Vienna, Austria},
    year = {2018},
    url = {https://www.R-project.org/},
  }
  
@Manual{microbenchmark,
    title = {microbenchmark: Accurate Timing Functions},
    author = {Olaf Mersmann},
    year = {2018},
    note = {R package version 1.4-4},
    url = {https://CRAN.R-project.org/package=microbenchmark},
  }
  
@article{mitchell2005sediments,
  title={Sediments, nutrients and pesticide residues in event flow conditions in streams of the Mackay Whitsunday Region, Australia},
  author={Mitchell, C and Brodie, J and White, I},
  journal={Marine Pollution Bulletin},
  volume={51},
  number={1-4},
  pages={23--36},
  year={2005},
  publisher={Elsevier}
}

@book{mcinnes2015wet,
  title={Wet Tropics Cluster Report: Climate Change in Australia Projections for Australia's NRM Regions},
  author={McInnes, Kathleen and  Abbs, Debbie and   Bhend, Jonas and
Chiew, Francis and   Church, John and  Ekström, Marie and   Kirono, Dewi and  Lenton, Andrew and   Lucas, Chris and   Moise, Aurel and   Monselesan, Didier and  Mpelasoka, Freddie and  Webb, Leanne and  Whetton, Penny},
  year={2015},
  publisher={CSIRO}
}


@article{dang2014transforming,
  title={Transforming scagnostics to reveal hidden features},
  author={Dang, Tuan Nhon and Wilkinson, Leland},
  journal={IEEE transactions on visualization and computer graphics},
  volume={20},
  number={12},
  pages={1624--1632},
  year={2014},
  publisher={IEEE}
}

@article{leigh2018framework,
  title={A framework for automated anomaly detection in high frequency water-quality data from in situ sensors},
  author={Leigh, Catherine and Alsibai, Omar and Hyndman, Rob J and Kandanaarachchi, Sevvandi and King, Olivia C and McGree, James M and Neelamraju, Catherine and Strauss, Jennifer and Talagala, Priyanga Dilini and Turner, Ryan S and   Mengersen, Kerrie and   Peterson, Erin E.},
  journal={arXiv preprint arXiv:1810.13076},
  year={2018}
}



@article{kriegel2010outlier,
  title={Outlier detection techniques},
  author={Kriegel, Hans-Peter and Kr{\"o}ger, Peer and Zimek, Arthur},
  journal={Tutorial at KDD},
  volume={10},
  year={2010}
}

@book{embrechts2013modelling,
	title={Modelling Extremal Events: for Insurance and Finance},
	author={Embrechts, P. and Kl{\"u}ppelberg, C. and Mikosch, T.},
	isbn={9783540609315},
	lccn={97012308},
	series={Stochastic Modelling and Applied Probability},
	url={https://books.google.com.au/books?id=BXOI2pICfJUC},
	year={2013},
	publisher={Springer Berlin Heidelberg}
}

@incollection{ben2005outlier,
  title={Outlier detection},
  author={Ben-Gal, Irad},
  booktitle={Data mining and knowledge discovery handbook},
  pages={131--146},
  year={2005},
  publisher={Springer}
}


@article{shahid2015characteristics,
  title={Characteristics and classification of outlier detection techniques for wireless sensor networks in harsh environments: a survey},
  author={Shahid, Nauman and Naqvi, Ijaz Haider and Qaisar, Saad Bin},
  journal={Artificial Intelligence Review},
  volume={43},
  number={2},
  pages={193--228},
  year={2015},
  publisher={Springer}
}

@inproceedings{chen2006distributed,
  title={Distributed fault detection of wireless sensor networks},
  author={Chen, Jinran and Kher, Shubha and Somani, Arun},
  booktitle={Proceedings of the 2006 workshop on Dependability issues in wireless ad hoc networks and sensor networks},
  pages={65--72},
  year={2006},
  organization={ACM}
}

@article{sharma2010sensor,
  title={Sensor faults: Detection methods and prevalence in real-world datasets},
  author={Sharma, Abhishek B and Golubchik, Leana and Govindan, Ramesh},
  journal={ACM Transactions on Sensor Networks (TOSN)},
  volume={6},
  number={3},
  pages={23},
  year={2010},
  publisher={ACM}
}

@article{yu2012bayesian,
  title={A Bayesian inference based two-stage support vector regression framework for soft sensor development in batch bioprocesses},
  author={Yu, Jie},
  journal={Computers \& Chemical Engineering},
  volume={41},
  pages={134--144},
  year={2012},
  publisher={Elsevier}
}

@inproceedings{mckenna2007event,
  title={Event detection from water quality time series},
  author={McKenna, Sean A and Hart, David and Klise, Katherine and Cruz, Victoria and Wilson, Mark},
  booktitle={World Environmental and Water Resources Congress 2007: Restoring Our Natural Habitat},
  pages={1--12},
  year={2007}
}

@article{koch2010distributed,
  title={Distributed sensor fusion in water quality event detection},
  author={Koch, Mark W and McKenna, Sean A},
  journal={Journal of Water Resources Planning and Management},
  volume={137},
  number={1},
  pages={10--19},
  year={2010},
  publisher={American Society of Civil Engineers}
}

@article{leigh2019framework,
  title={A framework for automated anomaly detection in high frequency water-quality data from in situ sensors},
  author={Leigh, Catherine and Alsibai, Omar and Hyndman, Rob J and Kandanaarachchi, Sevvandi and King, Olivia C and McGree, James M and Neelamraju, Catherine and Strauss, Jennifer and Talagala, Priyanga Dilini and Turner, Ryan DR and others},
  journal={Science of The Total Environment},
  volume={664},
  pages={885--898},
  year={2019},
  publisher={Elsevier}
}

@article{campos2016evaluation,
  title={On the evaluation of unsupervised outlier detection: measures, datasets, and an empirical study},
  author={Campos, Guilherme O and Zimek, Arthur and Sander, J{\"o}rg and Campello, Ricardo JGB and Micenkov{\'a}, Barbora and Schubert, Erich and Assent, Ira and Houle, Michael E},
  journal={Data Mining and Knowledge Discovery},
  volume={30},
  number={4},
  pages={891--927},
  year={2016},
  publisher={Springer}
}

@Manual{RHDoutliers2018,
    title = {HDoutliers: Leland Wilkinson's Algorithm for Detecting Multidimensional
Outliers},
    author = {Chris Fraley},
    year = {2018},
    note = {R package version 1.0},
    url = {https://CRAN.R-project.org/package=HDoutliers},
  }